<record><leader>00000cas a22000007a 4500</leader><controlfield tag="001">11880240</controlfield><controlfield tag="008">850403d19011906paudr ne      0    0eng d</controlfield><controlfield tag="009">5601</controlfield><datafield ind1=" " ind2=" " tag="010"><subfield code="a">sn 85054511 </subfield></datafield><datafield ind1=" " ind2=" " tag="040"><subfield code="a">NPH</subfield><subfield code="b">eng</subfield><subfield code="c">NPH</subfield><subfield code="d">DLC</subfield><subfield code="d">CRL</subfield><subfield code="d">NPH</subfield><subfield code="d">NST</subfield><subfield code="d">MGN</subfield></datafield><datafield ind1=" " ind2=" " tag="012"><subfield code="i">8907</subfield></datafield><datafield ind1="1" ind2=" " tag="029"><subfield code="a">AU@</subfield><subfield code="b">000025797839</subfield></datafield><datafield ind1=" " ind2=" " tag="042"><subfield code="a">msc</subfield></datafield><datafield ind1="0" ind2="0" tag="050"><subfield code="a">Newspaper 9590</subfield></datafield><datafield ind1="0" ind2=" " tag="130"><subfield code="a">Pittsburgh gazette (Pittsburgh, Pa. : 1901 : Daily)</subfield></datafield><datafield ind1="0" ind2="4" tag="245"><subfield code="a">The Pittsburgh gazette.</subfield></datafield><datafield ind1=" " ind2=" " tag="260"><subfield code="a">Pittsburgh [Pa. :</subfield><subfield code="b"> Pittsburgh Commercial Gazette],</subfield><subfield code="c">1901-1906.</subfield></datafield><datafield ind1=" " ind2=" " tag="300"><subfield code="a">5 v. :</subfield><subfield code="b">ill. ;</subfield><subfield code="c">60 cm.</subfield></datafield><datafield ind1=" " ind2=" " tag="310"><subfield code="a">Daily</subfield></datafield><datafield ind1="0" ind2=" " tag="362"><subfield code="a">Vol. 116, no. 85 (Nov. 4, 1901)-v. 120, no. 276 (Apr. 30, 1906).</subfield></datafield><datafield ind1=" " ind2=" " tag="530"><subfield code="a">Available on microfilm from University Microfilms International.</subfield></datafield><datafield ind1=" " ind2=" " tag="752"><subfield code="a">United States</subfield><subfield code="b">Pennsylvania</subfield><subfield code="c">Allegheny</subfield><subfield code="d">Pittsburgh.</subfield></datafield><datafield ind1="0" ind2="7" tag="785"><subfield code="t">Pittsburg times (Pittsburgh, Pa. : 1886)</subfield><subfield code="w">(DLC)sn 86081782</subfield></datafield><datafield ind1="0" ind2="7" tag="785"><subfield code="t">Gazette times (Pittsburgh, Pa.)</subfield><subfield code="w">(DLC)sn 84024549</subfield></datafield><datafield ind1=" " ind2=" " tag="850"><subfield code="a">ICRL</subfield></datafield></record>